@MastersThesis{ And91,
Author =  "L.O. Anderson",
Title =  {C program specialization},
School =  "DIKU, University of Copenhagen, Denmark",
Year    = 1991
}

@techreport{ Bon93b,
Author =  "A. Bondorf",
Title =  {Similix 5.0 Manual},
Institution = "DIKU, University of Copenhagen",
Address = "Copenhagen, Denmark",
Publisher = "Included in Similix 5.0 distribution",
Year    = 1993
}
%don't have, don't need

@article{ Bon91a,
Author =  "A. Bondorf",
Title =  {Automatic autoprojection of higher order recursive equations},
Journal =  "Science of Computer Programming",
Volume = "17",
Number  = "1-3",
Pages = "3-34",
Year    = 1991
}

@article{ BD91,
Author =  "A. Bondorf and O. Danvy",
Title =  {Automatic autoprojection of recursive equations with global 
variables and abstract data types},
Journal =  "Science of Computer Programming",
Volume = "16",
Pages = "151-195",
Year    = 1991
}

@inproceedings{ Bon93,
Author    = "A. Bondorf and J. Palsberg",
Title     = "Compiling Actions by Partial Evaluation",
Booktitle = {Proceedings of Conference on Functional Programming Languages and 
Computer Architecture (FCPA '93)},
Address   = "Copenhagen, DK",
Year      = 1993
}
%have

@phdthesis{ Bro94a,
Author =  "D.F. Brown",
Title =  {Sort Inference in Action Semantics},
School =  "Department of Computer Science, University of Glasgow",
Year    = 1996
}

@inproceedings{ Bro92,
Author    = "D.F. Brown and H. Moura and D.A. Watt",
Title     = "Actress: an Action Semantics Directed Compiler Generator",
Booktitle = {Proceedings of the Workshop on Compiler Construction},
Address   = "Paderborn, Germany",
Year      = 1992
}
%have

@inproceedings{ Bro94,
Author    = "D.F. Brown and D.A. Watt",
Title     = "Sort inference in the Actress Compiler Generator",
Booktitle = {Proceedings of the First International Workshop on Action 
Semantics},
Address   = "Edinburgh, Scotland",
Organization = "BRICS",
Year      = 1994
}
%have

%Alonzo
@book{ Chu51,
Author = "A. Church",
Title  = {The Calculi of Lambda Conversion},
Publisher =  "Princeton University Press",
Address = "Princeton, New Jersey",
Year   = 1951
}

@article{ Doh93,
Author = "K.G. Doh and D.A. Schmidt",
Title = "Action semantics-directed prototyping",
Journal = "Computer Languages", 
Volume = "Vol.19, No. 4",
Pages = "213-233",
Publisher = "Pergamon Press", 
Year = 1993
}%have

@inproceedings{Eve90,
Author    = "S. Even and D.A. Schmidt",
Title     = "Type Inference for Action Semantics",
Booktitle = {ESOP '90, 3rd European Symposium on Programming, volume 432 of 
Lecture Notes in Computer Science},
Pages = "118-133",
Publisher = "Springer-Verlag",
Address   = "Berlin, Germany",
Year      = 1990
}
%have

@article{ Fut71,
Author =  "Y. Futamura",
Title =  {Partial evaluation of computation process - an approach to a 
compiler-compiler},
Journal =  "Systems, Computers, Controls",
Volume = "2(5)",
Pages = "45-50",
Year    = 1971
}

@book{ Ghe98,
Author= "Ghezzi and Jezayeri"
Title = { Programming Language Concepts }
Publisher = {Wiley}
Year = 1998
Edition = "3rd"
}

@inproceedings{ Jon80,
Author    = "N.D. Jones and D.A. Schmidt",
Title     = "Compiler Generation from Denotational Semantics",
Booktitle = {Semantics-Directed Compiler Generation: LNCS},
Institution = "Aarhus University",
Publisher = "Springer-Verlag",
Volume = "94",
Year      = 1980
}

@book{ Jon93,
Author = "C.K. Gomard and N.D. Jones and P. Sestoft",
Title  = {Partial Evaluation and Automatic Program Generation},
Publisher =  "Prentice-Hall, Inc.",
Address = "Englewoods Cliffs, New Jersey 07632",
Year   = 1993
}

@book{ Lee89,
Author = "P. Lee",
Title  = {Realistic Compiler Generation},
Publisher =  "MIT Press",
Address = "Cambridge, MA"
Year   = 1989
}

@inproceedings{ Lee99a,
Author    = "K.D. Lee",
Title     = "Tuple Sort Inference in Action Semantics",
Booktitle = {Proceedings of the Second International Workshop on Action 
Semantics},
Address   = "Amsterdam, Holland",
Organization = "BRICS",
Year      = 1999
}

@book{ Mey94,
Author = "J. Meyer and T. Downing",
Title  = {Java Virtual Machine},
Publisher =  "O'Reilly",
Address = "Cambridge, MA"
Year   = 1997
}

@inproceedings{ Mos76,
Author    = "P.D. Mosses",
Title     = "Compiler Generation Using Denotational Semantics",
Booktitle = {Mathematical Foundations of Computer Science},
Volume = "5",
Year      = 1976
}

@techreport{ Mos79,
Author =  "P.D. Mosses",
Title =  {SIS - semantics implementation system, reference manual and user guide},
Number =  "DAIMI MD-30",
Institution = "Aarhus University",
Address = "Copenhagen, Denmark",
Year    = 1979
}
%don't have, don't need

@inproceedings{ Mos89,
Author    = "P.D. Mosses",
Title     = "Unified Algebras and Action Semantics",
Booktitle = {Proceedings of STACS '89},
Publisher = "Springer-Verlag",
Year      = 1989
}

@techreport{ Mos91,
Author =  "P.D. Mosses",
Title =  {An introduction to action semantics},
Number =  "DAIMI PB-370",
Institution = "Aarhus University",
Address = "Copenhagen, Denmark",
Year    = 1991
}
%don't have, don't need


@inproceedings{ Mos91b,
Author =  "P.D. Mosses",
Title =  "A Practical Introduction to Denotational Semantics",
Booktitle =  {Formal Description of Programming Concepts},
Publisher = "Springer-Verlag",
Pages = "1-49",
Year    = 1991
}

@book{ Mos93,
Author = "P.D. Mosses",
Title  = {Action Semantics: Cambridge Tracts in Theoretical Computer Science 26},
Publisher =  "Cambridge University Press",
Year   = 1992
}

@phdthesis{ Mou93,
Author =  "H. Moura",
Title =  {Action Notation Transformations},
School =  "Department of Computer Science, University of Glasgow",
Year    = 1993
}

@techreport{ Mou94a,
Author    = "H. Moura and D.A. Watt",
Title     = "Action transformations in the Actress compiler generator",
Number =  "FM-94-02",
Institution = "Department of Computer Science, University of Glasgow",
Year      = 1994
}
%have

@inproceedings{ Mou94b,
Author    = "H. Moura and D.A. Watt",
Title     = "Action transformations in the Actress compiler generator",
Booktitle = {Compiler Construction - 5th International Conference CC'94},
Year      = 1994
}
%have

@inproceedings{ Orb94,
Author    = "P. {\O}rb{\ae}k",
Title     = "OASIS: An Optimizing Action-based Compiler Generator",
Booktitle = {Proceedings of the International Conference on Compiler Construction, Volume 786},
Organization = "LNCS",
Address   = "Edinburgh, Scotland",
Year      = 1994
}
%have

@techreport{Orb93,
        author = "P. {\O}rb{\ae}k",
        title = {{Analysis and Optimization of Actions}},
        year = {1993},
        month = {September},
        type = {{M.Sc. dissertation}},
        note = {URL: {\tt ftp://ftp.daimi.aau.dk/pub/empl/poe/index.html}},
        institution = {Computer Science Department, Aarhus University, Denmark}}

@phdthesis{ Orb97,
Author =  "P. {\O}rb{\ae}k",
Title =  {Trust and Dependence Analysis},
School =  "University of Aarhus, Denmark",
Year    = 1997
}

@book{ Pag81,
Author = "F.G. Pagan",
Title  = {Formal Specification of Programming Languages: A Panoramic Primer},
Publisher =  "Prentice-Hall, Inc.",
Address = "Englewoods Cliffs, New Jersey 07632",
Year   = 1981
}

@inproceedings{ Pal92,
Author    = "J. Palsberg",
Title     = "A Provably Correct Compiler Generator",
Booktitle = {Proceedings of the 4th European Symposium on Programming (ESOP92)},
Organization = "LNCS",
Year      = 1992
}
%have

@phdthesis{ Pau81,
Author =  "L. Paulson",
Title =  {A Compiler Generator for Semantic Grammars},
School =  "Stanford University",
Year    = 1981
}

@article{ Pau82,
Author    = "L. Paulson",
Title     = {A Semantics-Directed Compiler Generator},
Journal = "Communications of the ACM",
Volume = "1",
Pages = "224-233",
Year      = 1982
}
%don't have

@book{ Pau96,
Author = "L. Paulson",
Title  = {ML for the Working Programmer},
Publisher =  "Cambridge University Press",
Address = "New York, NY 10011-4211",
Year   = 1996
}

@techreport{ Rue93,
Author =  "R. Ruei and K. Slonneger",
Title =  {Semantic Prototyping: Implementing Action Semantics in Standard ML},
Number =  "93-08",
Institution = "University of Iowa",
Address = "Iowa City, IA ",
Year    = 1993
}

@inproceedings{ Sco71,
Author    = "D. Scott and C. Strachey",
Title     = "Towards a Mathematical Semantics for Computer Languages",
Booktitle = {Proceedings of the Symposium on Computers and Automata},
Publisher = "Polytechnic Institute of Brooklyn Press, New York",
Year      = 1971
}

@book{ Set96,
Author = "R. Sethi",
Title = {Programming Languages: Concepts and Constructs},
Publisher = "Addison-Wesley",
Address = "New York, NY",
Year = 1996
}

@book{ Slo95,
Author = "K. Slonneger and B.L. Kurtz",
Title  = {Formal Syntax and Semantics of Programming Languages},
Publisher =  "Adisson Wesley Publishing Company, Inc.",
Address = "New York, NY",
Year   = 1995
}


@article{ Wan84,
Author =  "M. Wand",
Title =  {A Semantic Prototyping System},
Journal =  "SIGPLAN Notices (SIGPLAN '84 Symposium on Compiler Construction)",
Volume = "19",
Number  = "6",
Pages = "213-221",
Year    = 1984
}

@inproceedings{ Wan89,
Author    = "M. Wand",
Title     = "Type inference for record concatenation and simple objects",
Booktitle = {Proceedings of the 4th IEEE Symposium on Logic and Computer 
Science},
Year      = 1989
}

@book{ Wat91,
Author = "D. Watt",
Title  = {Programming Language Syntax and Semantics},
Publisher =  "Prentice-Hall, Inc.",
Address = "Englewoods Cliffs, New Jersey 07632",
Year   = 1991
}


